@InProceedings{ber13,
    author="Bertin, Jos{\'e}",
    editor="D{\`e}bes, Pierre
	and Emsalem, Michel
	and Romagny, Matthieu
	and Uluda{\u{g}}, A. Muhammed",
    title="Algebraic Stacks with a View Toward Moduli Stacks of Covers",
    booktitle="Arithmetic and Geometry Around Galois Theory",
    year="2013",
    publisher="Springer Basel",
    address="Basel",
    pages="1--148",
    isbn="978-3-0348-0487-5"
}

@book {bos18,
    AUTHOR = {Bosch, Siegfried},
    TITLE = {Algebra---from the viewpoint of {G}alois theory},
    SERIES = {Birkh\"{a}user Advanced Texts: Basler Lehrb\"{u}cher. [Birkh\"{a}user
	Advanced Texts: Basel Textbooks]},
    EDITION = {German},
    PUBLISHER = {Birkh\"{a}user/Springer, Cham},
    YEAR = {2018},
    PAGES = {viii+367},
    ISBN = {978-3-319-95176-8; 978-3-319-95177-5},
    MRCLASS = {12-01 (12Fxx 13-01 16-01 20-01)},
    MRNUMBER = {3887555},
    DOI = {10.1007/978-3-319-95177-5},
    URL = {https://doi.org/10.1007/978-3-319-95177-5},
}

@book {bre97,
    AUTHOR = {Bredon, Glen E.},
    TITLE = {Topology and geometry},
    SERIES = {Graduate Texts in Mathematics},
    VOLUME = {139},
    NOTE = {Corrected third printing of the 1993 original},
    PUBLISHER = {Springer-Verlag, New York},
    YEAR = {1997},
    PAGES = {xiv+557},
    ISBN = {0-387-97926-3},
    MRCLASS = {55-01 (54-01 57-01)},
    MRNUMBER = {1700700},
}

@book {gh94,
    AUTHOR = {Griffiths, Phillip and Harris, Joseph},
    TITLE = {Principles of algebraic geometry},
    SERIES = {Wiley Classics Library},
    NOTE = {Reprint of the 1978 original},
    PUBLISHER = {John Wiley \& Sons, Inc., New York},
    YEAR = {1994},
    PAGES = {xiv+813},
    ISBN = {0-471-05059-8},
    MRCLASS = {14-01},
    MRNUMBER = {1288523},
    DOI = {10.1002/9781118032527},
    URL = {https://doi.org/10.1002/9781118032527},
}

@book {gr84,
    AUTHOR = {Grauert, Hans and Remmert, Reinhold},
    TITLE = {Coherent analytic sheaves},
    SERIES = {Grundlehren der Mathematischen Wissenschaften [Fundamental
	Principles of Mathematical Sciences]},
    VOLUME = {265},
    PUBLISHER = {Springer-Verlag, Berlin},
    YEAR = {1984},
    PAGES = {xviii+249},
    ISBN = {3-540-13178-7},
    MRCLASS = {32-02 (32Bxx 32C30)},
    MRNUMBER = {755331},
    MRREVIEWER = {Daniel Barlet},
    DOI = {10.1007/978-3-642-69582-7},
    URL = {https://doi.org/10.1007/978-3-642-69582-7},
}

@book {har10,
    AUTHOR = {Hartshorne, Robin},
    TITLE = {Deformation theory},
    SERIES = {Graduate Texts in Mathematics},
    VOLUME = {257},
    PUBLISHER = {Springer, New York},
    YEAR = {2010},
    PAGES = {viii+234},
    ISBN = {978-1-4419-1595-5},
    MRCLASS = {14D15 (13D10 14B07 14B12)},
    MRNUMBER = {2583634},
    MRREVIEWER = {Arvid Siqveland},
    DOI = {10.1007/978-1-4419-1596-2},
    URL = {https://doi.org/10.1007/978-1-4419-1596-2},
}

@book {har77,
    AUTHOR = {Hartshorne, Robin},
    TITLE = {Algebraic geometry},
    NOTE = {Graduate Texts in Mathematics, No. 52},
    PUBLISHER = {Springer-Verlag, New York-Heidelberg},
    YEAR = {1977},
    PAGES = {xvi+496},
    ISBN = {0-387-90244-9},
    MRCLASS = {14-01},
    MRNUMBER = {0463157},
    MRREVIEWER = {Robert Speiser},
}

@book {har70,
    AUTHOR = {Hartshorne, Robin},
    TITLE = {Ample subvarieties of algebraic varieties},
    SERIES = {Lecture Notes in Mathematics, Vol. 156},
    NOTE = {Notes written in collaboration with C. Musili},
    PUBLISHER = {Springer-Verlag, Berlin-New York},
    YEAR = {1970},
    PAGES = {xiv+256},
    MRCLASS = {14.05},
    MRNUMBER = {0282977},
    MRREVIEWER = {M. Miyanishi},
}

@book {har66,
    AUTHOR = {Hartshorne, Robin},
    TITLE = {Residues and duality},
    SERIES = {Lecture notes of a seminar on the work of A. Grothendieck,
	given at Harvard 1963/64. With an appendix by P. Deligne.
	    Lecture Notes in Mathematics, No. 20},
    PUBLISHER = {Springer-Verlag, Berlin-New York},
    YEAR = {1966},
    PAGES = {vii+423},
    MRCLASS = {14.55},
    MRNUMBER = {0222093},
    MRREVIEWER = {R. L. Knighten},
}

@book {hat02,
    AUTHOR = {Hatcher, Allen},
    TITLE = {Algebraic topology},
    PUBLISHER = {Cambridge University Press, Cambridge},
    YEAR = {2002},
    PAGES = {xii+544},
    ISBN = {0-521-79160-X; 0-521-79540-0},
    MRCLASS = {55-01 (55-00)},
    MRNUMBER = {1867354},
    MRREVIEWER = {Donald W. Kahn},
}

@book {huy06,
    AUTHOR = {Huybrechts, D.},
    TITLE = {Fourier-{M}ukai transforms in algebraic geometry},
    SERIES = {Oxford Mathematical Monographs},
    PUBLISHER = {The Clarendon Press, Oxford University Press, Oxford},
    YEAR = {2006},
    PAGES = {viii+307},
    ISBN = {978-0-19-929686-6; 0-19-929686-3},
    MRCLASS = {14F05 (14-02 18E30)},
    MRNUMBER = {2244106},
    MRREVIEWER = {Bal\'{a}zs Szendr\H{o}i},
    DOI = {10.1093/acprof:oso/9780199296866.001.0001},
    URL = {https://doi.org/10.1093/acprof:oso/9780199296866.001.0001},
}

@book {huy05,
    AUTHOR = {Huybrechts, Daniel},
    TITLE = {Complex geometry},
    SERIES = {Universitext},
    NOTE = {An introduction},
    PUBLISHER = {Springer-Verlag, Berlin},
    YEAR = {2005},
    PAGES = {xii+309},
    ISBN = {3-540-21290-6},
    MRCLASS = {32Qxx (14-01 32-01 32G05 32J25 53C55 53C56)},
    MRNUMBER = {2093043},
    MRREVIEWER = {Richard P. Thomas},
}

@book {km98,
    AUTHOR = {Koll\'{a}r, J\'{a}nos and Mori, Shigefumi},
    TITLE = {Birational geometry of algebraic varieties},
    SERIES = {Cambridge Tracts in Mathematics},
    VOLUME = {134},
    NOTE = {With the collaboration of C. H. Clemens and A. Corti,
	Translated from the 1998 Japanese original},
    PUBLISHER = {Cambridge University Press, Cambridge},
    YEAR = {1998},
    PAGES = {viii+254},
    ISBN = {0-521-63277-3},
    MRCLASS = {14E30},
    MRNUMBER = {1658959},
    MRREVIEWER = {Mark Gross},
    DOI = {10.1017/CBO9780511662560},
    URL = {https://doi.org/10.1017/CBO9780511662560},
}

@book {kol96,
    AUTHOR = {Koll\'{a}r, J\'{a}nos},
     TITLE = {Rational curves on algebraic varieties},
    SERIES = {Ergebnisse der Mathematik und ihrer Grenzgebiete. 3. Folge. A
              Series of Modern Surveys in Mathematics [Results in
              Mathematics and Related Areas. 3rd Series. A Series of Modern
              Surveys in Mathematics]},
    VOLUME = {32},
 PUBLISHER = {Springer-Verlag, Berlin},
      YEAR = {1996},
     PAGES = {viii+320},
      ISBN = {3-540-60168-6},
   MRCLASS = {14-02 (14C05 14E05 14F17 14J45)},
  MRNUMBER = {1440180},
MRREVIEWER = {Yuri G. Prokhorov},
       DOI = {10.1007/978-3-662-03276-3},
       URL = {https://doi.org/10.1007/978-3-662-03276-3},
}

@book {liu02,
    AUTHOR = {Liu, Qing},
    TITLE = {Algebraic geometry and arithmetic curves},
    SERIES = {Oxford Graduate Texts in Mathematics},
    VOLUME = {6},
    NOTE = {Translated from the French by Reinie Ern\'{e},
	Oxford Science Publications},
    PUBLISHER = {Oxford University Press, Oxford},
    YEAR = {2002},
    PAGES = {xvi+576},
    ISBN = {0-19-850284-2},
    MRCLASS = {14-01 (11G30 14A05 14A15 14Gxx 14Hxx)},
    MRNUMBER = {1917232},
    MRREVIEWER = {C\'{\i}cero Carvalho},
}

@book {lmb00,
    AUTHOR = {Laumon, G\'{e}rard and Moret-Bailly, Laurent},
    TITLE = {Champs alg\'{e}briques},
    SERIES = {Ergebnisse der Mathematik und ihrer Grenzgebiete. 3. Folge. A
	Series of Modern Surveys in Mathematics [Results in
	    Mathematics and Related Areas. 3rd Series. A Series of Modern
	    Surveys in Mathematics]},
    VOLUME = {39},
    PUBLISHER = {Springer-Verlag, Berlin},
    YEAR = {2000},
    PAGES = {xii+208},
    ISBN = {3-540-65761-4},
    MRCLASS = {14A20 (14D20)},
    MRNUMBER = {1771927},
    MRREVIEWER = {Dan Edidin},
}

@book {ols16,
    AUTHOR = {Olsson, Martin},
    TITLE = {Algebraic spaces and stacks},
    SERIES = {American Mathematical Society Colloquium Publications},
    VOLUME = {62},
    PUBLISHER = {American Mathematical Society, Providence, RI},
    YEAR = {2016},
    PAGES = {xi+298},
    ISBN = {978-1-4704-2798-6},
    MRCLASS = {14D23 (14D22)},
    MRNUMBER = {3495343},
    MRREVIEWER = {Stefan Schr\"{o}er},
    DOI = {10.1090/coll/062},
    URL = {https://doi.org/10.1090/coll/062},
}

@misc{stacks-project,
    author       = {The {Stacks project authors}},
    title        = {The Stacks project},
    howpublished = {\url{https://stacks.math.columbia.edu}},
    year         = {2021},
}

@book {voi07a,
    AUTHOR = {Voisin, Claire},
    TITLE = {Hodge theory and complex algebraic geometry. {I}},
    SERIES = {Cambridge Studies in Advanced Mathematics},
    VOLUME = {76},
    EDITION = {English},
    NOTE = {Translated from the French by Leila Schneps},
    PUBLISHER = {Cambridge University Press, Cambridge},
    YEAR = {2007},
    PAGES = {x+322},
    ISBN = {978-0-521-71801-1},
    MRCLASS = {32J25 (14C30 14D07 32G20)},
    MRNUMBER = {2451566},
}

@book {voi07b,
    AUTHOR = {Voisin, Claire},
    TITLE = {Hodge theory and complex algebraic geometry. {II}},
    SERIES = {Cambridge Studies in Advanced Mathematics},
    VOLUME = {77},
    EDITION = {English},
    NOTE = {Translated from the French by Leila Schneps},
    PUBLISHER = {Cambridge University Press, Cambridge},
    YEAR = {2007},
    PAGES = {x+351},
    ISBN = {978-0-521-71802-8},
    MRCLASS = {32J25 (14C30 14D07 32G20)},
    MRNUMBER = {2449178},
}
